<?xml version="1.0" encoding="UTF-8"?>
<record xmlns="http://www.loc.gov/MARC21/slim" xmlns:xsi="http://www.w3.org/2001/XMLSchema-instance" xsi:schemaLocation="http://www.loc.gov/MARC21/slim http://www.loc.gov/standards/marcxml/schema/MARC21slim.xsd">
<leader>00000cam a22      a 4500</leader>
<controlfield tag="001">001689395</controlfield>
<controlfield tag="003">NNU</controlfield>
<controlfield tag="005">20150805162432.0</controlfield>
<controlfield tag="008">851002m19549999xx            001 0carard</controlfield>
<datafield tag="035" ind1=" " ind2=" ">
<subfield code="a">(OCoLC)224135643</subfield>
</datafield>
<datafield tag="040" ind1=" " ind2=" ">
<subfield code="a">OTU</subfield>
<subfield code="b">eng</subfield>
<subfield code="c">UTO</subfield>
<subfield code="d">OCLCQ</subfield>
<subfield code="d">OCLCF</subfield>
<subfield code="d">OCLCO</subfield>
<subfield code="d">OCLCQ</subfield>
<subfield code="d">NNU</subfield>
</datafield>
<datafield tag="043" ind1=" " ind2=" ">
<subfield code="a">f-mr---</subfield>
</datafield>
<datafield tag="050" ind1=" " ind2="4">
<subfield code="a">DT329F4</subfield>
<subfield code="b">F38 1954</subfield>
</datafield>
<datafield tag="100" ind1="1" ind2=" ">
<subfield code="6">880-01</subfield>
<subfield code="a">ʻAzzūzī, Muḥammad al-ʻArabī.</subfield>
</datafield>
<datafield tag="245" ind1="1" ind2="0">
<subfield code="6">880-02</subfield>
<subfield code="a">Aʻlām madīnat Fās al-musammā bi-al-Uns wa-al-istiʼnās /</subfield>
<subfield code="c">li-jāmiʻihi Muḥammad al-ʻArabī al-ʻAzzūzī al-Fāsī.</subfield>
</datafield>
<datafield tag="246" ind1="3" ind2=" ">
<subfield code="6">880-03</subfield>
<subfield code="a">Uns wa-al-istiʼnās</subfield>
</datafield>
<datafield tag="260" ind1=" " ind2=" ">
<subfield code="a">[Place of publication not identified] :</subfield>
<subfield code="b">[publisher not identified],</subfield>
<subfield code="c">[1954?]-</subfield>
</datafield>
<datafield tag="300" ind1=" " ind2=" ">
<subfield code="a">volumes</subfield>
<subfield code="c">25 cm</subfield>
</datafield>
<datafield tag="336" ind1=" " ind2=" ">
<subfield code="a">text</subfield>
<subfield code="b">txt</subfield>
<subfield code="2">rdacontent</subfield>
</datafield>
<datafield tag="337" ind1=" " ind2=" ">
<subfield code="a">unmediated</subfield>
<subfield code="b">n</subfield>
<subfield code="2">rdamedia</subfield>
</datafield>
<datafield tag="338" ind1=" " ind2=" ">
<subfield code="a">volume</subfield>
<subfield code="b">nc</subfield>
<subfield code="2">rdacarrier</subfield>
</datafield>
<datafield tag="500" ind1=" " ind2=" ">
<subfield code="a">Cover title.</subfield>
</datafield>
<datafield tag="500" ind1=" " ind2=" ">
<subfield code="a">Includes indexes.</subfield>
</datafield>
<datafield tag="651" ind1=" " ind2="0">
<subfield code="a">Fès (Morocco)</subfield>
<subfield code="v">Biography.</subfield>
</datafield>
<datafield tag="651" ind1=" " ind2="7">
<subfield code="a">Morocco</subfield>
<subfield code="z">Fès.</subfield>
<subfield code="2">fast</subfield>
<subfield code="0">(OCoLC)fst01207144</subfield>
</datafield>
<datafield tag="655" ind1=" " ind2="7">
<subfield code="a">Biography.</subfield>
<subfield code="2">fast</subfield>
<subfield code="0">(OCoLC)fst01423686</subfield>
</datafield>
<datafield tag="880" ind1="1" ind2=" ">
<subfield code="6">100-01/</subfield>
<subfield code="a">عزوزي، محمد العربي.</subfield>
</datafield>
<datafield tag="880" ind1="1" ind2="0">
<subfield code="6">245-02/</subfield>
<subfield code="a">اعلام مدينة فاس المسمى بالانس والاستئناس /</subfield>
<subfield code="c">لجامعه محمد العربي العزوزي الفاسي.</subfield>
</datafield>
<datafield tag="880" ind1="3" ind2=" ">
<subfield code="6">246-03/</subfield>
<subfield code="a">انس والاستئناس</subfield>
</datafield>
<datafield tag="OWN" ind1=" " ind2=" ">
<subfield code="a">GENERAL</subfield>
</datafield>
<datafield tag="AVA" ind1=" " ind2=" ">
<subfield code="a">NYU50</subfield>
<subfield code="b">BOBST</subfield>
<subfield code="c">Main Collection</subfield>
<subfield code="d">DT324.3.A1 A9</subfield>
<subfield code="e">unavailable</subfield>
<subfield code="t">Unavailable</subfield>
<subfield code="f">1</subfield>
<subfield code="g">1</subfield>
<subfield code="h">Y</subfield>
<subfield code="i">0</subfield>
<subfield code="j">MAIN</subfield>
<subfield code="k">0</subfield>
</datafield>
</record>
